@article{HumanError,
author = {Franceschetti, Lorenzo and Merelli, Vera and Corona, Susanna and Magli, Francesca and Maggioni, Lidia and Cummaudo, Marco and Tritella, Stefania and De Angelis, Danilo and Cattaneo, Cristina},
year = {2022},
month = {01},
title = {Analysis of interrater reliability in age assessment of minors: how does expertise influence the evaluation?},
volume = {136},
journal = {International Journal of Legal Medicine},
}


@article{Demirjian,
author = {Cameriere, Roberto and Ferrante, Luigi and De Angelis, Danilo and Scarpino, F and Galli, F},
year = {2008},
month = {09},
pages = {493-7},
title = {The comparison between measurement of open apices of third molars and Demirjian stages to test chronological age of over 18 year olds in living subjects},
volume = {122},
journal = {International journal of legal medicine},
doi = {10.1007/s00414-008-0279-6}
}

@article{Moorees,
author = {Arumugam, Vidhya and Doggalli, D Nagabhushana},
year = {2020},
month = {01},
pages = {64-74},
title = {Different Dental Aging Charts or Atlas Methods Used for Age Estimation–A Review},
volume = {02},
journal = {Asian Journal of Basic Science \& Research}
}

@article{survey,
AUTHOR = {Mohamed, Essraa Gamal and Redondo, Rebeca P. D\'iaz and Koura, Abdelrahim and EL-Mofty, Mohamed Sherif and Kayed, Mohammed},
TITLE = {Dental Age Estimation Using Deep Learning: A Comparative Survey},
JOURNAL = {Computation},
VOLUME = {11},
YEAR = {2023},
NUMBER = {2},
ARTICLE-NUMBER = {18},
}


@article{8977504,
  author={Vila-Blanco, Nicolás and Carreira, María J. and Varas-Quintana, Paulina and Balsa-Castro, Carlos and Tom\'as, Inmaculada},
  journal={IEEE Transactions on Medical Imaging}, 
  title={Deep Neural Networks for Chronological Age Estimation From OPG Images}, 
  year={2020},
  volume={39},
  number={7},
  pages={2374-2384},
}

@article {PMID33661340,
	Title = {Accurate age classification using manual method and deep convolutional neural network based on orthopantomogram images},
	Author = {Guo, Yu-Cheng and Han, Mengqi and Chi, Yuting and Long, Hong and Zhang, Dong and Yang, Jing and Yang, Yang and Chen, Teng and Du, Shaoyi},
	Number = {4},
	Volume = {135},
	Month = {July},
	Year = {2021},
	Journal = {International journal of legal medicine},
	ISSN = {0937-9827},
	Pages = {1589—1597},
}


@InProceedings{DonidaLabati2019,
author="Donida Labati, Ruggero
and Ross, Arun
and Dantcheva, Antitza",
editor="Jajodia, Sushil
and Samarati, Pierangela
and Yung, Moti",
title="Soft Biometrics",
bookTitle="Encyclopedia of Cryptography, Security and Privacy",
year="2019",
publisher="Springer Berlin Heidelberg",
address="Berlin, Heidelberg",
pages="1--4",
}


@InProceedings{jainDenti,
author="Jain, Anil K.
and Chen, Hong
and Minut, Silviu",
editor="Kittler, Josef
and Nixon, Mark S.",
title="Dental Biometrics: Human Identification Using Dental Radiographs",
booktitle="Audio- and Video-Based Biometric Person Authentication",
year="2003",
publisher="Springer Berlin Heidelberg",
address="Berlin, Heidelberg",
pages="429--437",
}


@article{FAN2020110416,
title = {Automatic human identification from panoramic dental radiographs using the convolutional neural network},
journal = {Forensic Science International},
volume = {314},
pages = {110416},
year = {2020},
issn = {0379-0738},
author = {Fei Fan and Wenchi Ke and Wei Wu and Xuemei Tian and Tu Lyu and Yuanyuan Liu and Peixi Liao and Xinhua Dai and Hu Chen and Zhenhua Deng},
}


@article{a6bd905adf2c48db8e08e228d114d9c4,
title = "Accuracy and efficiency of automatic tooth segmentation in digital dental models using deep learning",
author = "Joon Im and Kim, {Ju Yeong} and Yu, {Hyung Seog} and Lee, {Kee Joon} and Choi, {Sung Hwan} and Kim, {Ji Hoi} and Ahn, {Hee Kap} and Cha, {Jung Yul}",
note = "Publisher Copyright: {\textcopyright} 2022, The Author(s).",
year = "2022",
month = dec,
volume = "12",
journal = "Scientific reports",
issn = "2045-2322",
publisher = "Nature Publishing Group",
number = "1",
}



@InProceedings{Alkaabi2020,
author="Alkaabi, Sultan
and Yussof, Salman
and Al-Khateeb, Haider
and Ahmadi-Assalemi, Gabriela
and Epiphaniou, Gregory",
editor="Jahankhani, Hamid
and Kendzierskyj, Stefan
and Chelvachandran, Nishan
and Ibarra, Jaime",
title="Deep Convolutional Neural Networks for Forensic Age Estimation: A Review",
bookTitle="Cyber Defence in  the Age of AI, Smart Societies and Augmented Humanity",
year="2020",
publisher="Springer International Publishing",
address="Cham",
pages="375--395",
}



@INPROCEEDINGS{9533672,
  author={Hou, Wenxuan and Liu, Longjun and Gao, Jinxia and Zhu, Anguo and Pan, Keyang and Sun, Hongbin and Zheng, Nanning},
  booktitle={2021 International Joint Conference on Neural Networks (IJCNN)}, 
  title={Exploring Effective DNN Models for Forensic Age Estimation based on Panoramic Radiograph Images}, 
  year={2021},
  pages={1-8},
}


@article{SARIC2022111245,
title = {Dental age assessment based on CBCT images using machine learning algorithms},
journal = {Forensic Science International},
volume = {334},
pages = {111245},
year = {2022},
author = {Rijad Saric and Jasmin Kevric and Naida Hadziabdic and Ahmed Osmanovic and Mirsad Kadic and Muzafer Saracevic and Dejan Jokic and Vladimir Rajs},
}


@article{MILOSEVIC2022116038,
title = {Automated estimation of chronological age from panoramic dental X-ray images using deep learning},
journal = {Expert Systems with Applications},
volume = {189},
pages = {116038},
year = {2022},
issn = {0957-4174},
author = {Denis Milošević and Marin Vodanović and Ivan Galić and Marko Subašić},
}


@InProceedings{10.1007/978-3-658-33198-6_46,
author="Wallraff, Sarah
and Vesal, Sulaiman
and Syben, Christopher
and Lutz, Rainer
and Maier, Andreas",
editor="Palm, Christoph
and Deserno, Thomas M.
and Handels, Heinz
and Maier, Andreas
and Maier-Hein, Klaus
and Tolxdorff, Thomas",
title="Age Estimation on Panoramic Dental X-ray Images using Deep Learning",
booktitle="Bildverarbeitung f{\"u}r die Medizin 2021",
year="2021",
publisher="Springer Fachmedien Wiesbaden",
address="Wiesbaden",
pages="186--191",
}



@Article{healthcare11081068,
AUTHOR = {Kim, Yu-Rin and Choi, Jae-Hyeok and Ko, Jihyeong and Jung, Young-Jin and Kim, Byeongjun and Nam, Seoul-Hee and Chang, Won-Du},
TITLE = {Age Group Classification of Dental Radiography without Precise Age Information Using Convolutional Neural Networks},
JOURNAL = {Healthcare},
VOLUME = {11},
YEAR = {2023},
NUMBER = {8},
ARTICLE-NUMBER = {1068},
}


@INPROCEEDINGS{8073563,
  author={Čular, Luka and Tomaić, Mia and Subašić, Marko and Šarić, Tea and Sajković, Viktorija and Vodanović, Marin},
  booktitle={Proceedings of the 10th International Symposium on Image and Signal Processing and Analysis}, 
  title={Dental age estimation from panoramic X-ray images using statistical models}, 
  year={2017},
  volume={},
  number={},
  pages={25-30},
}

@article{0a72cc460005411bac3e72cd31862059, 
title     = "DENSEN: a convolutional neural network for estimating chronological ages from panoramic radiographs",
author    = "Xuedong Wang and Yanle Liu and Xinyao Miao and Yin Chen and Xiao Cao and Yuchen Zhang and Shuaicheng Li and Qin Zhou",  
 year      = "2022",  
volume    = "23", 
journal   = "BMC Bioinformatics"
}


@article{egitto,
author = {Pintana, Patipan and Upalananda, Witsarut and Saekho, Suwit and Yarach, Uten and Wantanajittikul, Kittichai},
year = {2022},
month = {11},
title = {Fully automated method for dental age estimation using the ACF detector and deep learning},
volume = {12},
journal = {Egyptian Journal of Forensic Sciences},
}

